@ARTICLE{houghPatent,
  author ="Hough, P.V.C.",
  title  ="Method and means for recognizing complex patterns",
  journal="U.S. Patent 3,069,654",
  month  ="Dec.",
  year   =1962,
}

@ARTICLE{houghThetaRho,
  author ="Duda, R. O. and P. E. Hart",
  title  ="Use of the Hough Transformation to Detect Lines and Curves in Pictures,",
  journal="Comm. ACM",
  vol = 15,
  pages = "11--15",
  month  = "January",
  year   =1972,
}

@article{BALLARD1981111,
	title = "Generalizing the Hough transform to detect arbitrary shapes",
	journal = "Pattern Recognition",
	volume = "13",
	number = "2",
	pages = "111 - 122",
	year = "1981",
	note = "",
	issn = "0031-3203",
	doi = "http://dx.doi.org/10.1016/0031-3203(81)90009-1",
	url = "http://www.sciencedirect.com/science/article/pii/0031320381900091",
	author = "D.H. Ballard",
	keywords = "Image processing",
	keywords = "Hough transform",
	keywords = "Shape recognition",
	keywords = "Pattern recognition",
	keywords = "Parallel algorithms"
}

@article{XU1990331,
	title = "A new curve detection method: Randomized Hough transform (RHT)",
	journal = "Pattern Recognition Letters",
	volume = "11",
	number = "5",
	pages = "331 - 338",
	year = "1990",
	note = "",
	issn = "0167-8655",
	doi = "http://dx.doi.org/10.1016/0167-8655(90)90042-Z",
	url = "http://www.sciencedirect.com/science/article/pii/016786559090042Z",
	author = "Lei Xu and Erkki Oja and Pekka Kultanen",
	keywords = "Curve detection",
	keywords = "Hough transform",
	keywords = "random mapping",
	keywords = "global feature extraction"
}

@article{MATAS2000119,
	title = "Robust Detection of Lines Using the Progressive Probabilistic Hough Transform",
	journal = "Computer Vision and Image Understanding",
	volume = "78",
	number = "1",
	pages = "119 - 137",
	year = "2000",
	issn = "1077-3142",
	doi = "https://doi.org/10.1006/cviu.1999.0831",
	url = "http://www.sciencedirect.com/science/article/pii/S1077314299908317",
	author = "J. Matas and C. Galambos and J. Kittler"
}

@article{KIRYATI1991303,
	title = "A probabilistic Hough transform",
	journal = "Pattern Recognition",
	volume = "24",
	number = "4",
	pages = "303 - 316",
	year = "1991",
	issn = "0031-3203",
	doi = "https://doi.org/10.1016/0031-3203(91)90073-E",
	url = "http://www.sciencedirect.com/science/article/pii/003132039190073E",
	author = "N. Kiryati and Y. Eldar and A.M. Bruckstein",
	keywords = "Computer vision, Feature extraction, Hough Transform, Monte-Carlo methods, Probabilistic algorithms"
}

@article{BERGEN1991639,
	title = "A probabilistic algorithm for computing Hough transforms",
	journal = "Journal of Algorithms",
	volume = "12",
	number = "4",
	pages = "639 - 656",
	year = "1991",
	issn = "0196-6774",
	doi = "https://doi.org/10.1016/0196-6774(91)90037-Y",
	url = "http://www.sciencedirect.com/science/article/pii/019667749190037Y",
	author = "James R Bergen and Haim Shvaytser (Schweitzer)"
}

@artice{Harris88alvey,
	author = "Harris, C. and Stephens, M.",
	booktitle = "Proceedings of the 4th Alvey Vision Conference",
	keywords = "imported visual-interest-points",
	pages = "147--151",
	title = "A Combined Corner and Edge Detector",
	year = 1988
}

@INPROCEEDINGS{Shi94goodfeatures,
	author = "Jianbo Shi and Carlo Tomasi",
	title = "Good Features to Track",
	booktitle = "",
	year = "1994",
	pages = "593--600"
}

@article{LSDDet,
	author = "Grompone von Gioi, Rafael and Jakubowicz, Jeremie and Morel, Jean-Michel and Randall, Gregory",
	year = "2010",
	month = "04",
	pages = "722-32",
	title = "LSD: A Fast Line Segment Detector with a False Detection Control",
	volume = "32",
	booktitle = "IEEE transactions on pattern analysis and machine intelligence"
}

@Article{Lepetit2008,
	author="Lepetit, Vincent
	and Moreno-Noguer, Francesc
	and Fua, Pascal",
	title="EPnP: An Accurate O(n) Solution to the PnP Problem",
	journal="International Journal of Computer Vision",
	year="2008",
	month="Jul",
	day="19",
	volume="81",
	number="2",
	pages="155",
	issn="1573-1405",
	doi="10.1007/s11263-008-0152-6",
	url="https://doi.org/10.1007/s11263-008-0152-6"
}

@ARTICLE{iterative,
	author="C. P. Lu and G. D. Hager and E. Mjolsness",
	journal="IEEE Transactions on Pattern Analysis and Machine Intelligence",
	title="Fast and globally convergent pose estimation from video images",
	year="2000",
	volume="22",
	number="6",
	pages="610-622",
	keywords="computational complexity;computer vision;convergence;iterative methods;matrix algebra;minimisation;photogrammetry;video signal processing;2D images;computational efficiency;computer vision;error metric minimization;globally convergent pose estimation;iterative algorithm;object space collinearity error;orthogonal rotation matrices;orthonormal structure;outlier robustness;photogrammetry;rigid image transformation;rotation matrices;video images;Cameras;Computational geometry;Computer graphics;Computer vision;Image converters;Iterative algorithms;Iterative methods;Optimization methods;Robot kinematics;Robot vision systems",
	doi="10.1109/34.862199",
	ISSN="0162-8828",
	month="Jun"
}

@ARTICLE{robust,
	author="G. Schweighofer and A. Pinz",
	journal="IEEE Transactions on Pattern Analysis and Machine Intelligence",
	title="Robust Pose Estimation from a Planar Target",
	year="2006",
	volume="28",
	number="12",
	pages="2024-2030",
	keywords="calibration;cameras;pose estimation;target tracking;calibrated camera;camera pose ambiguity;camera pose tracking;noncollinear points;planar target;pose estimation algorithms;robust pose estimation;Cameras;Computer vision;Data mining;Image sequences;Layout;Lenses;Motion estimation;Robustness;State estimation;Target tracking;Camera pose ambiguity;pose tracking.;Algorithms;Artificial Intelligence;Image Enhancement;Image Interpretation, Computer-Assisted;Imaging, Three-Dimensional;Information Storage and Retrieval;Pattern Recognition, Automated;Photography;Reproducibility of Results;Sensitivity and Specificity",
	doi="10.1109/TPAMI.2006.252",
	ISSN="0162-8828",
	month="Dec"
}